<record><leader>00000cas a2200000 a 4500</leader><controlfield tag="001">11889526</controlfield><controlfield tag="008">850405d18431853pauwr ne      0    0eng c</controlfield><datafield ind1=" " ind2=" " tag="010"><subfield code="a">sn 85054894 </subfield></datafield><datafield ind1=" " ind2=" " tag="040"><subfield code="a">NPH</subfield><subfield code="b">eng</subfield><subfield code="c">NPH</subfield><subfield code="d">CUI</subfield><subfield code="d">OCLCQ</subfield><subfield code="d">OCLCF</subfield></datafield><datafield ind1=" " ind2=" " tag="042"><subfield code="a">pcc</subfield></datafield><datafield ind1=" " ind2=" " tag="043"><subfield code="a">n-us-pa</subfield></datafield><datafield ind1=" " ind2="4" tag="050"><subfield code="a">AN</subfield></datafield><datafield ind1="0" ind2=" " tag="130"><subfield code="a">Beaver argus (Beaver, Pa. : 1843)</subfield></datafield><datafield ind1="1" ind2="4" tag="245"><subfield code="a">The Beaver argus.</subfield></datafield><datafield ind1=" " ind2=" " tag="260"><subfield code="a">Beaver, Pa. :</subfield><subfield code="b">Wm. Henry,</subfield><subfield code="c">1843-1853.</subfield></datafield><datafield ind1=" " ind2=" " tag="300"><subfield code="a">10 v. ;</subfield><subfield code="c">60 cm.</subfield></datafield><datafield ind1=" " ind2=" " tag="310"><subfield code="a">Weekly</subfield></datafield><datafield ind1="0" ind2=" " tag="362"><subfield code="a">Vol. 19, no. 31 (Aug. 2, 1843)-v. 29, no. 26 (June 15, 1853).</subfield></datafield><datafield ind1=" " ind2=" " tag="515"><subfield code="a">Issues for Aug. 2, 1843- called also whole no. 967-</subfield></datafield><datafield ind1=" " ind2="0" tag="651"><subfield code="a">Beaver (Pa.)</subfield><subfield code="v">Newspapers.</subfield></datafield><datafield ind1=" " ind2="0" tag="651"><subfield code="a">Beaver County (Pa.)</subfield><subfield code="v">Newspapers.</subfield></datafield><datafield ind1=" " ind2="7" tag="655"><subfield code="a">Newspapers.</subfield><subfield code="2">fast</subfield><subfield code="0">(OCoLC)fst01423814</subfield></datafield><datafield ind1=" " ind2="7" tag="651"><subfield code="a">Pennsylvania</subfield><subfield code="z">Beaver.</subfield><subfield code="2">fast</subfield><subfield code="0">(OCoLC)fst01227421</subfield></datafield><datafield ind1=" " ind2="7" tag="651"><subfield code="a">Pennsylvania</subfield><subfield code="z">Beaver County.</subfield><subfield code="2">fast</subfield><subfield code="0">(OCoLC)fst01205522</subfield></datafield><datafield ind1=" " ind2=" " tag="752"><subfield code="a">United States</subfield><subfield code="b">Pennsylvania</subfield><subfield code="c">Beaver</subfield><subfield code="d">Beaver.</subfield></datafield><datafield ind1="0" ind2="0" tag="780"><subfield code="t">Western Argus (Beaver, Pa. : 1833)</subfield><subfield code="w">(DLC)sn 85054893</subfield><subfield code="w">(OCoLC)11894404</subfield></datafield><datafield ind1="0" ind2="0" tag="785"><subfield code="t">Beaver County argus</subfield><subfield code="w">(DLC)sn 83025967</subfield><subfield code="w">(OCoLC)10164361</subfield></datafield></record>